References for Healthcare.gov
@www{hc_cio,
author={Heusser, Matthew},
title={6 Software Development Lessons From Healthcare.gov's Failed Launch},
url={http://www.cio.com/article/2380827/developer/6-software-development-lessons-from-healthcare-gov-s-failed-launch.html},
journal={CIO},
year={2013},
},

@www{hc_theverge,
author={Jeffries, Adrianne},
title={Why Obama's Healthcare.gov launch was doomed to fail},
url={http://www.theverge.com/2013/10/8/4814098/why-did-the-tech-savvy-obama-administration-launch-a-busted-healthcare-website},
journal={The Verge},
year={2013}
},

@www{hc_dailykos,
author={welt,},
title={A Software Engineer's take on Healthcare.gov},
url={http://www.dailykos.com/story/2013/10/18/1248612/-A-Software-Engineer-s-take-on-Healthcare-gov#},
journal={Dailykos.com},
year={2013}
},

@www{hc_quora,
author={Melton, Barry},
title={What are the publicly known software engineering principles that healthcare.gov ran afoul of?},
url={http://www.quora.com/What-are-the-publicly-known-software-engineering-principles-that-healthcare-gov-ran-afoul-of},
journal={Quora},
year={2014}
},

@www{hc_computerworld,
author={Thibodeau, Patrick},
title={The firm behind Healthcare.gov had top-notch credentials -- and it didn't help},
url={http://www.computerworld.com/article/2487088/enterprise-architecture/the-firm-behind-healthcare-gov-had-top-notch-credentials----and-it-didn-t-he.html},
journal={Computerworld},
year={2013}
},

@www{6_auerbach_2013,
author={Auerbach, David},
title={How Cronyism, Bad Management and Too Many Cooks Sank Healthcare.gov},
url={http://www.slate.com/articles/technology/bitwise/2013/10/problems_with_healthcare_gov_cronyism_bad_management_and_too_many_cooks.html},
journal={Slate Magazine},
year={2013}
},

@www{hc_informit,
author={Johnson, Jess},
title={What Went Wrong with Healthcare.gov and How Can It Be Fixed? A Suggested Reading List for Managers and Developers  |  | InformIT},
url={http://www.informit.com/articles/article.aspx?p=2153660},
journal={Informit.com},
year={2013}
},

@article{hc_asq,
author={Schmidt, Megan},
title={Sick Obamacare website affects millions as White House scrambles for a cure},
url={http://asq.org/quality-progress/2013/12/keeping-current.html},
journal={Quality Progress},
year={2013}
},

@www{hc_spectrum,
author={Jones, Willie},
title={The Obamacare Rollout: What Really Happened?},
url={http://spectrum.ieee.org/riskfactor/computing/it/the-obamacare-rollout-what-really-happened},
journal={Spectrum.ieee.org},
year={2015}
},

@www{hc_cnn,
author={Bellovin, Steven},
title={Opinion: Why healthcare.gov has so many problems - CNN.com},
url={http://www.cnn.com/2013/10/14/opinion/bellovin-obamacare-glitches/},
journal={CNN},
year={2013}
},

@article{hc_washingtonpost,
author={Somashekhar, Sandhya and Goldstein, Amy},
title={Full testing of HealthCare.gov began too late, contractors sayite},
url={http://www.washingtonpost.com/politics/house-panel-grills-contractors-on-troubled-health-insurance-web-site/2013/10/24/8f42c748-3ca7-11e3-b7ba-503fb5822c3e_story.html},
journal={The Washington Post},
year={2013}
},

@article{hc_informationweek,
author={Rudansky, Alex Kane},
title={Why HealthCare.gov Failed},
url={http://www.informationweek.com/healthcare/policy-and-regulation/why-healthcaregov-failed/d/d-id/1112064?},
journal={InformationWeek},
year={2013}
},

@www{hc_arstechnica,
author={Gallagher, Sean},
title={The seven deadly sins of HealthCare.gov},
url={http://arstechnica.com/information-technology/2013/10/the-seven-deadly-sins-of-healthcare-gov/},
journal={Ars Technica},
year={2013}
},
@article{hc_gallup,
	author={Levy, Jenna},
	title={In U.S., Uninsured Rate Sinks to 12.9\%},
	url={http://www.gallup.com/poll/180425/uninsured-rate-sinks.aspx},
	journal={Gallup},
	year={2015}
},

References for DIA

@www{dia_nbc,
	author={O'Neil, Roger},
	title={Denver baggage system to be abandonded},
	url={http://www.nbcnews.com/id/8975649/ns/nbc_nightly_news_with_brian_williams/t/denver-baggage-system-be-abandoned/#.VVHyJ_lVhBc},
	journal={NBC News},
	year={2005}
},
@www{dia_nytimes,
	author={Johnson, Kirk},
	title={Denver Airport Saw the Future. It Didn't Work.},
	url={http://www.nytimes.com/2005/08/27/national/27denver.html},
	journal={The New York Times},
	year={2005}
},
@article{dia_calleam,
	author={{Calleam Consulting Ltd}},
	title={Case Study – Denver International Airport Baggage Handling System – An
	illustration of ineffectual decision making},
	url={http://calleam.com/WTPF/wp-content/uploads/articles/DIABaggage.pdf},
	year={2008}
},
@www{dia_denverpost,
	author={Keeny, Laura},
	title={United baggage woes grow at DIA, fingers point at new contractor},
	url={http://www.denverpost.com/business/ci_27263121/united-baggage-woes-grow-at-dia-fingers-point},
	journal={The Denver Post},
	year={2015}
}